@article{RN42,
   author = {Annibale, Paolo and Dvornikov, Alexander
Gratton, Enrico},
   title = {Electronically Tunable lens speeds up 3D orbital tracking},
   journal = {Biomedical Optics Express},
   volume = {6},
   pages = {2181-2190},
   DOI = {DOI:10.1364/BOE.6.002181},
   year = {2015},
   type = {Journal Article}
}

@article{RN44,
   author = {Chen, Leihao and Ghilardi, Michele and Busfield, James J.C. and Carpi, Federico},
   title = {Eletronically Tunable Lenses: A Review},
   journal = {Frontiers in robotics and AI},
   volume = {8},
   pages = {1-20},
   DOI = {doi: 10.3389/frobt.2021.678046},
   year = {2021},
   type = {Journal Article}
}

@article{RN40,
   author = {Ernst, H.K. Stelzer and Strobl, Frederic and Chang, Bo-Jui and Preusser, Friedrich and Preibisch, Stephan and McDole, Katie and Fiolka, Reto},
   title = {Light Sheet Fluorescence Microscopy},
   journal = {Nature Reviews},
   volume = {1},
   pages = {1-25},
   year = {2021},
   type = {Journal Article}
}

@article{RN39,
   author = {Fahrbach, Florian O.
Voigt, Fabian F.
Schmid, Benjamin
Helmchen, Fritjof
Huisken, Jan},
   title = {Rapid 3D light-sheet microscopy with a tunable lens},
   journal = {Optics Express},
   volume = {21},
   number = {192746},
   pages = {21010-21026},
   DOI = {DOI:10.1364/OE.21.021010},
   year = {2013},
   type = {Journal Article}
}

@book{RN38,
   author = {Goodman, Joseph W.},
   title = {Introduction to Fourier Optics, 3rd Ed.},
   publisher = {Roberts & Co.},
   address = {Englewood, Colorado},
   ISBN = {0974707724},
   year = {2005},
   type = {Book}
}

@phdthesis{RN43,
   author = {Hobson, Chad M.},
   title = {On the Biomechanics of Cell Nuclei: Insights from Combined Force and Light Microscopy},
   university = {University of North Carolina at Chapel Hill},
   year = {2021},
   type = {Thesis}
}

@article{RN33,
   author = {Liu, Bei and Hobson, Chad M. and Pimenta, Frederico M. and Nelsen, Evan and Hsiao, Joe and O'Brien, Timothy and Falvo, Michael R. and Hahn, Klaus M. and Superfine, Richard},
   title = {VIEW-MOD: a versatile illumination engine with a modular optical design for fluorescence microscopy},
   journal = {Optics Express},
   volume = {27},
   pages = {19950-19972},
   DOI = {https://doi.org/10.1364/OE.27.019950},
   year = {2019},
   type = {Journal Article}
}

@article{RN19,
   author = {Qu, Yufu and Hu, Yongbo},
   title = {Analysis of axial scanning range and magnification variation in wide-field microscope for measurement using an electrically tunable lens},
   journal = {Wiley Microscopy Reserach and Technique},
   volume = {82},
   pages = {101-113},
   DOI = {10.1002/jemt.23113},
   year = {2019},
   type = {Journal Article}
}

@article{RN41,
   author = {Wilson, T. and Booth, M.J. and Juskaitis, R. and Botcherby, E.J.},
   title = {An optical technique for remote focusing in microscopy},
   journal = {Optics Communications},
   pages = {880-887},
   DOI = {doi:10.1016/j.optcom.2007.10.007},
   year = {2007},
   type = {Journal Article}
}

